<marc:record xmlns:marc="http://www.loc.gov/MARC21/slim" xmlns:xsi="http://www.w3.org/2001/XMLSchema-instance" xsi:schemaLocation="http://www.loc.gov/MARC21/slim http://www.loc.gov/standards/marcxml/schema/MARC21slim.xsd">
<marc:leader>00620nkm a22      a 4500</marc:leader>
<marc:controlfield tag="001">1446365</marc:controlfield>
<marc:controlfield tag="003">NL-AMISG</marc:controlfield>
<marc:controlfield tag="005">20110921112255.0</marc:controlfield>
<marc:controlfield tag="008">110701s1946    dut                 ne  d</marc:controlfield>
<marc:datafield ind1=" " ind2=" " tag="040">
<marc:subfield code="a">NL-AMISG</marc:subfield>
</marc:datafield>
<marc:datafield ind1=" " ind2=" " tag="041">
<marc:subfield code="a">dut</marc:subfield>
</marc:datafield>
<marc:datafield ind1=" " ind2=" " tag="044">
<marc:subfield code="a">ne</marc:subfield>
</marc:datafield>
<marc:datafield ind1="1" ind2=" " tag="100">
<marc:subfield code="a">Opland,</marc:subfield>
<marc:subfield code="e">draughtsman.</marc:subfield>
<marc:subfield code="0">(NL-AMISG)241316</marc:subfield>
</marc:datafield>
<marc:datafield ind1="1" ind2="0" tag="245">
<marc:subfield code="a">Gestruikeld :</marc:subfield>
<marc:subfield code="b">over 't kwartje van Romme</marc:subfield>
<marc:subfield code="k">Visual document.</marc:subfield>
</marc:datafield>
<marc:datafield ind1=" " ind2=" " tag="300">
<marc:subfield code="g">25x32 cm.</marc:subfield>
</marc:datafield>
<marc:datafield ind1=" " ind2=" " tag="500">
<marc:subfield code="a">Tekening is nooit geplaatst.</marc:subfield>
</marc:datafield>
<marc:datafield ind1=" " ind2=" " tag="542">
<marc:subfield code="m">closed</marc:subfield>
</marc:datafield>
<marc:datafield ind1="1" ind2="4" tag="600">
<marc:subfield code="a">Romme, C.P.M.</marc:subfield>
<marc:subfield code="0">(NL-AMISG)281603</marc:subfield>
</marc:datafield>
<marc:datafield ind1="1" ind2="4" tag="600">
<marc:subfield code="a">Drees, Willem,</marc:subfield>
<marc:subfield code="c">Sr.</marc:subfield>
<marc:subfield code="0">(NL-AMISG)97802</marc:subfield>
</marc:datafield>
<marc:datafield ind1=" " ind2="4" tag="648">
<marc:subfield code="a">1940-1946.</marc:subfield>
<marc:subfield code="0">(NL-AMISG)364488</marc:subfield>
</marc:datafield>
<marc:datafield ind1=" " ind2="4" tag="650">
<marc:subfield code="a">Caricature.</marc:subfield>
<marc:subfield code="0">(NL-AMISG)306037</marc:subfield>
</marc:datafield>
<marc:datafield ind1=" " ind2="4" tag="651">
<marc:subfield code="0">(NL-AMISG)567354</marc:subfield>
<marc:subfield code="a">Netherlands</marc:subfield>
</marc:datafield>
<marc:datafield ind1=" " ind2="4" tag="655">
<marc:subfield code="a">Drawing.</marc:subfield>
<marc:subfield code="0">(NL-AMISG)269282</marc:subfield>
</marc:datafield>
<marc:datafield ind1="4" ind2=" " tag="852">
<marc:subfield code="a">IISG</marc:subfield>
<marc:subfield code="b">IISG</marc:subfield>
<marc:subfield code="c">PM</marc:subfield>
<marc:subfield code="j">BG C34/752</marc:subfield>
<marc:subfield code="n">Available</marc:subfield>
<marc:subfield code="p">30051002989058</marc:subfield>
</marc:datafield>
<marc:datafield ind1=" " ind2=" " tag="901">
<marc:subfield code="a">1446365</marc:subfield>
<marc:subfield code="b"/>
<marc:subfield code="c">1446365</marc:subfield>
<marc:subfield code="t">biblio</marc:subfield>
</marc:datafield>
<marc:datafield ind1=" " ind2=" " tag="902">
<marc:subfield code="a">10622/F9CD2C02-1949-4E0E-AA22-EF186FF118F8</marc:subfield>
</marc:datafield></marc:record>